@book{batchelor2000introduction,
  title={An introduction to fluid dynamics},
  author={Batchelor, Cx K and Batchelor, GK},
  year={2000},
  publisher={Cambridge university press}
}
@book{white1999fluid,
  title={Fluid mechanics},
  author={White, Frank M},
  year={1999},
  publisher={McGraw-hill}
}
@article{丁加明2005雨水冲刷及地表径流对膨胀土路基边坡稳定的影响分析,
  title={雨水冲刷及地表径流对膨胀土路基边坡稳定的影响分析},
  author={丁加明 and 王永和},
  journal={路基工程},
  volume={6},
  pages={16--18},
  year={2005}
}

@article{马子普Discussion,
  title={Discussion on incipient condition of a noncohesive sediment particle on slope under 3D flow%三元流作用下斜坡上散粒体泥沙起动条件探讨},
  author={马子普 and 张根广 and 高改玉 and 田贵智},
  journal={泥沙研究},
  volume={000},
  number={3},
  pages={36-41},
}

@article{MuAnalysis,
  title={Analysis of liquid bridge between spherical particles},
  author={Mu, Fusheng and Xubin Su},
  journal={Particuology},
  number={6},
  pages={64-68},
}

@article{MitaraiWet,
  title={Wet granular materials},
  author={Mitarai, Namiko and Nori, Franco},
  journal={Advances in Physics},
  volume={55},
  number={1-2},
  pages={1-45},
}
